<record><leader>00000cas a22000007a 4500</leader><controlfield tag="001">17694955</controlfield><controlfield tag="008">880329d18981913ohucr ne      0    0eng d</controlfield><datafield ind1=" " ind2=" " tag="010"><subfield code="a">sn 88078378 </subfield></datafield><datafield ind1=" " ind2=" " tag="040"><subfield code="a">ONP</subfield><subfield code="b">eng</subfield><subfield code="c">ONP</subfield><subfield code="d">CRL</subfield><subfield code="d">OCLCQ</subfield><subfield code="d">OCLCF</subfield></datafield><datafield ind1=" " ind2=" " tag="042"><subfield code="a">msc</subfield></datafield><datafield ind1=" " ind2=" " tag="043"><subfield code="a">n-us-oh</subfield></datafield><datafield ind1="0" ind2=" " tag="130"><subfield code="a">Semi-weekly telegram (Youngstown, Ohio)</subfield></datafield><datafield ind1="1" ind2="0" tag="245"><subfield code="a">Semi-weekly telegram.</subfield></datafield><datafield ind1=" " ind2=" " tag="260"><subfield code="a">Youngstown, O. [Ohio] :</subfield><subfield code="b">Telegram Co.,</subfield><subfield code="c">1898-1913.</subfield></datafield><datafield ind1=" " ind2=" " tag="310"><subfield code="a">Semiweekly</subfield></datafield><datafield ind1="0" ind2=" " tag="362"><subfield code="a">Vol. 47, no. 62 (Sept. 19, 1898)-62nd year, no. 13 (Feb. 13, 1913).</subfield></datafield><datafield ind1=" " ind2=" " tag="580"><subfield code="a">Daily ed.: Youngstown telegram (Youngstown, Ohio : 1895).</subfield></datafield><datafield ind1=" " ind2="0" tag="651"><subfield code="a">Youngstown (Ohio)</subfield><subfield code="v">Newspapers.</subfield></datafield><datafield ind1=" " ind2="7" tag="655"><subfield code="a">Newspapers.</subfield><subfield code="2">fast</subfield><subfield code="0">(OCoLC)fst01423814</subfield></datafield><datafield ind1=" " ind2="7" tag="651"><subfield code="a">Ohio</subfield><subfield code="z">Youngstown.</subfield><subfield code="2">fast</subfield><subfield code="0">(OCoLC)fst01213545</subfield></datafield><datafield ind1=" " ind2=" " tag="752"><subfield code="a">United States</subfield><subfield code="b">Ohio</subfield><subfield code="c">Mahoning</subfield><subfield code="d">Youngstown.</subfield></datafield><datafield ind1="1" ind2=" " tag="775"><subfield code="t">Youngstown telegram (Youngstown, Ohio : 1895)</subfield><subfield code="w">(DLC)sn 84028464</subfield><subfield code="w">(OCoLC)10129143</subfield></datafield><datafield ind1="0" ind2="0" tag="780"><subfield code="t">Weekly telegram (Youngstown, Ohio : 1898)</subfield><subfield code="w">(DLC)sn 88078379</subfield><subfield code="w">(OCoLC)17694964</subfield></datafield></record>